<record><leader>00000cas a2200000 a 4500</leader><controlfield tag="001">21919340</controlfield><controlfield tag="008">900625d18821883nyuwr ne      0    0eng d</controlfield><datafield ind1=" " ind2=" " tag="010"><subfield code="a">sn 91066387 </subfield></datafield><datafield ind1=" " ind2=" " tag="040"><subfield code="a">YSC</subfield><subfield code="b">eng</subfield><subfield code="c">YSC</subfield><subfield code="d">NYS</subfield><subfield code="d">OCL</subfield><subfield code="d">OCLCQ</subfield></datafield><datafield ind1=" " ind2=" " tag="042"><subfield code="a">msc</subfield></datafield><datafield ind1="0" ind2=" " tag="130"><subfield code="a">Herald and Democrat (Oneonta, N.Y.)</subfield></datafield><datafield ind1="1" ind2="0" tag="245"><subfield code="a">Herald and Democrat.</subfield></datafield><datafield ind1=" " ind2=" " tag="260"><subfield code="a">Oneonta, Otsego County, N.Y. :</subfield><subfield code="b">Johnson &amp; Yager</subfield></datafield><datafield ind1=" " ind2=" " tag="300"><subfield code="a">v.</subfield></datafield><datafield ind1=" " ind2=" " tag="310"><subfield code="a">Daily</subfield></datafield><datafield ind1="0" ind2=" " tag="362"><subfield code="a">New ser., vol. 11 [sic], no. 7 (Jan. 12, 1882)-v. 11 [i.e. 31] no. 6 (Dec. 27, 1883).</subfield></datafield><datafield ind1=" " ind2="4" tag="651"><subfield code="a">Oneonta (N.Y.)</subfield><subfield code="v">Newspapers.</subfield></datafield><datafield ind1=" " ind2=" " tag="752"><subfield code="a">United States</subfield><subfield code="b">New York</subfield><subfield code="c">Otsego</subfield><subfield code="d">Oneonta.</subfield></datafield><datafield ind1="0" ind2="0" tag="780"><subfield code="t">Oneonta herald and Democrat</subfield><subfield code="w">(DLC)sn 85026889</subfield><subfield code="w">(OCoLC)12726472</subfield></datafield><datafield ind1="0" ind2="0" tag="785"><subfield code="t">Oneonta herald (Oneonta, N.Y. : 1884)</subfield><subfield code="w">(DLC)sn 91066711</subfield><subfield code="w">(OCoLC)21509658</subfield></datafield><datafield ind1="1" ind2=" " tag="029"><subfield code="a">AU@</subfield><subfield code="b">000025907569</subfield></datafield></record>